 
@article{Tarapata,
 author = {Zbigniew Tarapata},
 title = {Selected Multicriteria Shortest Path Problems: An Analysis of Complexity, Models and Adaptation of Standard Algorithms},
 journal = {International Journal of Applied Mathematics and Computer Science},
 issue_date = {jun. 2007},
 volume = {17},
 number = {2},
 month = jun,
 year = {2007},
 pages = {269-287},
 numpages = {18},
 url = {https://www.researchgate.net/publication/230683354_Selected_Multicriteria_Shortest_Path_Problems_An_Analysis_of_Complexity_Models_and_Adaptation_of_Standard_Algorithms},
 doi = {10.2478/v10006-007-0023-2},
 acmid = {272995},
 publisher = {ACM},
 address = {Military University of Technology
 Warsaw, Poland
 },
 keywords = {multicriteria algorithm, dijkstra, mosp, graph problems},
} 
